
%Articles


@article{arribillaga2015comparing,
  title={Comparing Voting by Committees According to their Manipulability!},
  author={Arribillaga, R Pablo and Mass{\'o}, Jordi},
  journal={Unpublished manuscript},
  year={2015}
}


@article{takagi2010impossibility,
  
title={An impossibility theorem for matching problems},
  
author={Takagi, Shohei and Serizawa, Shigehiro},
  
journal={Social Choice and Welfare},
  
volume={35},
  number={2},
  
pages={245--266},
  
year={2010},
  
publisher={Springer}
}



@article{barbera1999maximal,
  title={Maximal domains of preferences preserving strategy-proofness for generalized median voter schemes},
  author={Barber{\`a}, Salvador and Mass{\`o}, Jordi and Neme, Alejandro},
  journal={Social Choice and Welfare},
  volume={16},
  number={2},
  pages={321--336},
  year={1999},
  publisher={Springer}
}

@article{ching2001maximal,
  title={Maximal and Supremal Domains for Strategy-Proofness},
  author={Ching, Stephen and Serizawa, Shigehiro},
  journal={Available at SSRN 291923},
  year={2001}
}


@article{bando2014modified,
  title={A modified deferred acceptance algorithm for many-to-one matching markets with externalities among firms},
  author={Bando, Keisuke},
  journal={Journal of Mathematical Economics},
  volume={52},
  pages={173--181},
  year={2014},
  publisher={Elsevier}
}



@article{aygun2012matching,
  title={Matching with contracts: The critical role of irrelevance of rejected contracts},
  author={Ayg{\"u}n, Orhan and S{\"o}nmez, Tayfun and others},
  journal={Boston College Department of economics, Working Paper},
  volume={804},
  year={2012}
}

@article{ok2011revealed,
  title={Revealed (p) reference theory},
  author={Ok, Efe A and Ortoleva, Pietro and Riella, Gil and others},
  journal={Unpublished paper, Caltech.[129]},
  year={2011}
}

@article{masatlioglu2005rational,
  title={Rational choice with status quo bias},
  author={Masatlioglu, Yusufcan and Ok, Efe A},
  journal={Journal of Economic Theory},
  volume={121},
  number={1},
  pages={1--29},
  year={2005},
  publisher={Elsevier}
}

@article{manzini2007sequentially,
  title={Sequentially rationalizable choice},
  author={Manzini, Paola and Mariotti, Marco},
  journal={The American Economic Review},
  pages={1824--1839},
  year={2007},
  publisher={JSTOR}
}


@article{hatfield2010substitutes,
  title={Substitutes and stability for matching with contracts},
  author={Hatfield, John William and Kojima, Fuhito},
  journal={Journal of Economic Theory},
  volume={145},
  number={5},
  pages={1704--1723},
  year={2010},
  publisher={Elsevier}
}

@article{gale1962college,
  title={College admissions and the stability of marriage},
  author={Gale, David and Shapley, Lloyd S},
  journal={American mathematical monthly},
  pages={9--15},
  year={1962},
  publisher={JSTOR}
}

@article{aygun2013matching,
  title={Matching with contracts: Comment},
  author={Ayg{\"u}n, Orhan and S{\"o}nmez, Tayfun},
  journal={The American Economic Review},
  volume={103},
  number={5},
  pages={2050--2051},
  year={2013},
  publisher={American Economic Association}
}

@article{hatfield2005matching,
  title={Matching with contracts},
  author={Hatfield, John William and Milgrom, Paul R},
  journal={American Economic Review},
  pages={913--935},
  year={2005},
  publisher={JSTOR}
}

@article{ehlers2014object,
  title={Object allocation via deferred-acceptance: strategy-proofness and comparative statics},
  author={Ehlers, Lars and Klaus, Bettina},
  year={2014}
}

@article{pycia2015matching,
  title={Matching with Externalities},
  author={Pycia, Marek and Yenmez, B},
  journal={University of California Los Angeles Working Paper},
  year={2015}
}

@article{hatfield2015multilateral,
  title={Multilateral matching},
  author={Hatfield, John William and Kominers, Scott Duke},
  journal={Journal of Economic Theory},
  volume={156},
  pages={175--206},
  year={2015},
  publisher={Elsevier}
}

@article{cesco2012hedonic,
  title={Hedonic games related to many-to-one matching problems},
  author={Cesco, Juan Carlos},
  journal={Social Choice and Welfare},
  volume={39},
  number={4},
  pages={737--749},
  year={2012},
  publisher={Springer}
}

@article{azevedo2014supply,
  title={A supply and demand framework for two-sided matching markets},
  author={Azevedo, Eduardo M and Leshno, Jacob D},
  journal={Available at SSRN 2260567},
  year={2014}
}

@article{kojima2010axioms,
  title={Axioms for deferred acceptance},
  author={Kojima, Fuhito and Manea, Mihai},
  journal={Econometrica},
  volume={78},
  number={2},
  pages={633--653},
  year={2010},
  publisher={Wiley Online Library}
}

@article{chambers2013choice,
  title={Choice and matching},
  author={Chambers, Christopher and Yenmez, M Bumin},
  journal={Available at SSRN 2291045},
  year={2013}
}

@article{myerson1981optimal,
  title={Optimal auction design},
  author={Myerson, Roger B},
  journal={Mathematics of operations research},
  volume={6},
  number={1},
  pages={58--73},
  year={1981},
  publisher={INFORMS}
}

@article{ching2001maximal,
  title={Maximal and Supremal Domains for Strategy-Proofness},
  author={Ching, Stephen and Serizawa, Shigehiro},
  journal={Available at SSRN 291923},
  year={2001}
}

@article{barbera1999maximal,
  title={Maximal domains of preferences preserving strategy-proofness for generalized median voter schemes},
  author={Barber{\`a}, Salvador and Mass{\`o}, Jordi and Neme, Alejandro},
  journal={Social Choice and Welfare},
  volume={16},
  number={2},
  pages={321--336},
  year={1999},
  publisher={Springer}
}

@article{berga2000maximal,
  title={Maximal domain for strategy-proof rules with one public good},
  author={Berga, Dolors and Serizawa, Shigehiro},
  journal={Journal of Economic Theory},
  volume={90},
  number={1},
  pages={39--61},
  year={2000},
  publisher={Elsevier}
}

@article{roberts1979characterization,
  title={The characterization of implementable choice rules},
  author={Roberts, Kevin},
  journal={Aggregation and revelation of preferences},
  volume={12},
  number={2},
  pages={321--348},
  year={1979}
}

@article{clarke1971multipart,
  title={Multipart pricing of public goods},
  author={Clarke, Edward H},
  journal={Public choice},
  volume={11},
  number={1},
  pages={17--33},
  year={1971},
  publisher={Springer}
}

@article{mukherjee2014fair,
  title={Fair and group strategy-proof good allocation with money},
  author={Mukherjee, Conan},
  journal={Social Choice and Welfare},
  volume={42},
  number={2},
  pages={289--311},
  year={2014},
  publisher={Springer}
}

@article{mitra2011group,
  title={Group strategyproofness in queueing models},
  author={Mitra, Manipushpak and Mutuswami, Suresh},
  journal={Games and Economic Behavior},
  volume={72},
  number={1},
  pages={242--254},
  year={2011},
  publisher={Elsevier}
}

@article{groves1973incentives,
  title={Incentives in teams},
  author={Groves, Theodore},
  journal={Econometrica: Journal of the Econometric Society},
  pages={617--631},
  year={1973},
  publisher={JSTOR}
}

@article{pramanik2014further,
  title={Further Results on Dictatorial Domains},
  author={Pramanik, Anup},
  year={2014},
  publisher={ISER Discussion Paper}
}

@article{peters2014probabilistic,
  title={Probabilistic strategy-proof rules over single-peaked domains},
  author={Peters, Hans and Roy, Souvik and Sen, Arunava and Storcken, Ton},
  journal={Journal of Mathematical Economics},
  volume={52},
  pages={123--127},
  year={2014},
  publisher={Elsevier}
}

@article{vickrey1961counterspeculation,
  title={Counterspeculation, auctions, and competitive sealed tenders},
  author={Vickrey, William},
  journal={The Journal of finance},
  volume={16},
  number={1},
  pages={8--37},
  year={1961},
  publisher={Wiley Online Library}
}

@article{aswal2003dictatorial,
  title={Dictatorial domains},
  author={Aswal, Navin and Chatterji, Shurojit and Sen, Arunava},
  journal={Economic Theory},
  volume={22},
  number={1},
  pages={45--62},
  year={2003},
  publisher={Springer}
}

@article{barbera2010individual,
  title={Individual versus group strategy-proofness: when do they coincide?},
  author={Barber{\`a}, Salvador and Berga, Dolors and Moreno, Bernardo},
  journal={Journal of Economic Theory},
  volume={145},
  number={5},
  pages={1648--1674},
  year={2010},
  publisher={Elsevier}
}

@article{benoit2000gibbard,
  title={The {G}ibbard--{S}atterthwaite theorem: a simple proof},
  author={Beno{\i}t, Jean-Pierre},
  journal={Economics Letters},
  volume={69},
  number={3},
  pages={319--322},
  year={2000},
  publisher={Elsevier}
}

@article{black1948rationale,
  title={On the rationale of group decision-making},
  author={Black, Duncan},
  journal={The Journal of Political Economy},
  pages={23--34},
  year={1948},
  publisher={JSTOR}
}

@article{blair1983essential,
  title={Essential aggregation procedures on restricted domains of preferences},
  author={Blair, Douglas and Muller, Eitan},
  journal={Journal of Economic Theory},
  volume={30},
  number={1},
  pages={34--53},
  year={1983},
  publisher={Elsevier}
}

@article{chatterji2011tops,
  title={Tops-only domains},
  author={Chatterji, Shurojit and Sen, Arunava},
  journal={Economic Theory},
  volume={46},
  number={2},
  pages={255--282},
  year={2011},
  publisher={Springer}
}

@article{dogan2007alternating,
  title={On the alternating use of “unanimity” and “surjectivity” in the Gibbard--Satterthwaite theorem},
  author={Dogan, Emre and Sanver, M Remzi},
  journal={Economics Letters},
  volume={96},
  number={1},
  pages={140--143},
  year={2007},
  publisher={Elsevier}
}



@article{gibbard1973manipulation,
  title={Manipulation of voting schemes: a general result},
  author={Gibbard, Allan},
  journal={Econometrica},
  volume={41},
  number={4},
  pages={587--601},
  year={1973}
}
@article{kim1980special,
  title={Special domains and nonmanipulability},
  author={Kim, Ki Hang and Roush, Fred W},
  journal={Mathematical Social Sciences},
  volume={1},
  number={1},
  pages={85--92},
  year={1980},
  publisher={Elsevier}
}

@article{le2009equivalence,
  title={On the equivalence of coalitional and individual strategy-proofness properties},
  author={Le Breton, Michel and Zaporozhets, Vera},
  journal={Social Choice and Welfare},
  volume={33},
  number={2},
  pages={287--309},
  year={2009},
  publisher={Springer}
}

@article{moulin1980strategy,
  title={On strategy-proofness and single peakedness},
  author={Moulin, Herv{\'e}},
  journal={Public Choice},
  volume={35},
  number={4},
  pages={437--455},
  year={1980},
  publisher={Springer}
}

@article{ozyurt2009general,
  title={A general impossibility result on strategy-proof social choice hyperfunctions},
  author={{\"O}zyurt, Sel{\c{c}}uk and Sanver, M Remzi},
  journal={Games and Economic Behavior},
  volume={66},
  number={2},
  pages={880--892},
  year={2009},
  publisher={Elsevier}
}

@article{reny2001arrow,
  title={Arrow’s theorem and the Gibbard-Satterthwaite theorem: a unified approach},
  author={Reny, Philip J},
  journal={Economics Letters},
  volume={70},
  number={1},
  pages={99--105},
  year={2001},
  publisher={Elsevier}
}

@article{sanver2007characterization,
  title={A characterization of superdictatorial domains for strategy-proof social choice functions},
  author={Sanver, M Remzi},
  journal={Mathematical Social Sciences},
  volume={54},
  number={3},
  pages={257--260},
  year={2007},
  publisher={Elsevier}
}

@article{satterthwaite1975strategy,
  title={Strategy-proofness and Arrow's conditions: Existence and correspondence theorems for voting procedures and social welfare functions},
  author={Satterthwaite, Mark Allen},
  journal={Journal of Economic Theory},
  volume={10},
  number={2},
  pages={187--217},
  year={1975},
  publisher={Elsevier}
}

@article{sen2001another,
  title={Another direct proof of the {G}ibbard--{S}atterthwaite theorem},
  author={Sen, Arunava},
  journal={Economics Letters},
  volume={70},
  number={3},
  pages={381--385},
  year={2001},
  publisher={Elsevier}
}

@article{barbera1993generalized,
  title={Generalized median voter schemes and committees},
  author={Barber{\`a}, Salvador and Gul, Faruk and Stacchetti, Ennio},
  journal={Journal of Economic Theory},
  volume={61},
  number={2},
  pages={262--289},
  year={1993},
  publisher={Elsevier}
}

@article{barbera1997voting,
  title={Voting under constraints},
  author={Barber{\`a}, Salvador and Masso, Jordi and Neme, Alejandro},
  journal={journal of economic theory},
  volume={76},
  number={2},
  pages={298--321},
  year={1997},
  publisher={Elsevier}
}

@article{barbera1999maximal,
  title={Maximal domains of preferences preserving strategy-proofness for generalized median voter schemes},
  author={Barber{\`a}, Salvador and Mass{\'o}, Jordi and Neme, Alejandro},
  journal={Social Choice and Welfare},
  volume={16},
  number={2},
  pages={321--336},
  year={1999},
  publisher={Springer}
}

@article{barbera1990strategy,
  title={Strategy-proof voting schemes with continuous preferences},
  author={Barbera, Salvador and Peleg, Bezalel},
  journal={Social Choice and Welfare},
  volume={7},
  number={1},
  pages={31--38},
  year={1990},
  publisher={Springer}
}

@article{barbera1991voting,
  title={Voting by committees},
  author={Barbera, Salvador and Sonnenschein, Hugo and Zhou, Lin},
  journal={Econometrica: Journal of the Econometric Society},
  pages={595--609},
  year={1991},
  publisher={JSTOR}
}

@article{berga2002single,
  title={Single-peakedness and strategy-proofness of generalized median voter schemes},
  author={Berga, Dolors},
  journal={Social Choice and Welfare},
  volume={19},
  number={1},
  pages={175--192},
  year={2002},
  publisher={Springer}
}

@article{berga2000maximal,
  title={Maximal domain for strategy-proof rules with one public good},
  author={Berga, Dolors and Serizawa, Shigehiro},
  journal={Journal of Economic Theory},
  volume={90},
  number={1},
  pages={39--61},
  year={2000},
  publisher={Elsevier}
}

@article{ching1998maximal,
  title={A maximal domain for the existence of strategy-proof rules},
  author={Ching, Stephen and Serizawa, Shigehiro},
  journal={Journal of Economic Theory},
  volume={78},
  number={1},
  pages={157--166},
  year={1998},
  publisher={Elsevier}
}

@article{ching1998maximal,
  title={A maximal domain for the existence of strategy-proof rules},
  author={Ching, Stephen and Serizawa, Shigehiro},
  journal={Journal of Economic Theory},
  volume={78},
  number={1},
  pages={157--166},
  year={1998},
  publisher={Elsevier}
}

@article{fishburn1997super,
  title={Super Arrovian domains with strict preferences},
  author={Fishburn, Peter C and Kelly, Jerry S},
  journal={SIAM Journal on Discrete Mathematics},
  volume={10},
  number={1},
  pages={83--95},
  year={1997},
  publisher={SIAM}
}

@article{kalai1977characterization,
  title={Characterization of domains admitting nondictatorial social welfare functions and nonmanipulable voting procedures},
  author={Kalai, Ehud and Muller, Eitan},
  journal={Journal of Economic Theory},
  volume={16},
  number={2},
  pages={457--469},
  year={1977},
  publisher={Elsevier}
}

@article{kelso1982job,
  title={Job matching, coalition formation, and gross substitutes},
  author={Kelso Jr, Alexander S and Crawford, Vincent P},
  journal={Econometrica: Journal of the Econometric Society},
  pages={1483--1504},
  year={1982},
  publisher={JSTOR}
}

@article{roth2008deferred,
  title={Deferred acceptance algorithms: History, theory, practice, and open questions},
  author={Roth, Alvin E},
  journal={International Journal of Game Theory},
  volume={36},
  number={3-4},
  pages={537--569},
  year={2008},
  publisher={Springer}
}

@article{kim1989kelly,
  title={Kelly's conjecture},
  author={Kim, KH and Roush, Fred W},
  journal={Mathematical Social Sciences},
  volume={17},
  number={2},
  pages={189--194},
  year={1989},
  publisher={Elsevier}
}

@article{breton1999separable,
  title={Separable preferences, strategyproofness, and decomposability},
  author={Breton, Michel Le and Sen, Arunava},
  journal={Econometrica},
  volume={67},
  number={3},
  pages={605--628},
  year={1999},
  publisher={Wiley Online Library}
}

@article{masso2001maximal,
  title={Maximal domain of preferences in the division problem},
  author={Mass{\'o}, Jordi and Neme, Alejandro},
  journal={Games and Economic Behavior},
  volume={37},
  number={2},
  pages={367--387},
  year={2001},
  publisher={Elsevier}
}

@article{muller1977equivalence,
  title={The equivalence of strong positive association and strategy-proofness},
  author={Muller, Eitan and Satterthwaite, Mark A},
  journal={Journal of Economic Theory},
  volume={14},
  number={2},
  pages={412--418},
  year={1977},
  publisher={Elsevier}
}

@article{serizawa1995power,
  title={Power of voters and domain of preferences where voting by committees is strategy-proof},
  author={Serizawa, Shigehiro},
  journal={Journal of Economic Theory},
  volume={67},
  number={2},
  pages={599--608},
  year={1995},
  publisher={Elsevier}
}

@article{weymark2011unified,
  title={A unified approach to strategy-proofness for single-peaked preferences},
  author={Weymark, John A},
  journal={SERIEs},
  volume={2},
  number={4},
  pages={529--550},
  year={2011},
  publisher={Springer}
}

@article{ninjbat2012another,
  title={Another direct proof for the Gibbard--Satterthwaite Theorem},
  author={Ninjbat, Uuganbaatar},
  journal={Economics Letters},
  volume={116},
  number={3},
  pages={418--421},
  year={2012},
  publisher={Elsevier}
}

@article{barbera2012domains,
  title={Domains, ranges and strategy-proofness: the case of single-dipped preferences},
  author={Barber{\`a}, Salvador and Berga, Dolors and Moreno, Bernardo},
  journal={Social Choice and Welfare},
  volume={39},
  number={2-3},
  pages={335--352},
  year={2012},
  publisher={Springer}
}

@article{sato2010circular,
  title={Circular domains},
  author={Sato, Shin},
  journal={Review of Economic Design},
  volume={14},
  number={3-4},
  pages={331--342},
  year={2010},
  publisher={Springer}
}

@article{baliga2007mechanism,
  title={Mechanism design: Recent developments},
  author={Baliga, Sandeep and Sj{\"o}str{\"o}m, Tomas},
  journal={The New Palgrave Dictionary of Economics, 2nd Edition, London: McMillan},
  year={2007}
}

@article{borda1784voting,
  title={Mémoire sur les élections au scrutin par M. de Borda},
  author={Borda, J.C. de},
  journal={Mémoires de l'Académie Royale des Sciences année 1781},
  pages={331--342},
  year={1784},
  publisher={Paris: l'Imprimerie Royale}
}

@article{dasgupta1979implementation,
  title={The implementation of social choice rules: Some general results on incentive compatibility},
  author={Dasgupta, Partha and Hammond, Peter and Maskin, Eric},
  journal={The Review of Economic Studies},
  pages={185--216},
  year={1979},
  publisher={JSTOR}
}

@article{chatterji2015random,
  title={On Random Social Choice Functions with the Tops-only Property},
  author={Chatterji, Shurojit and Zeng, Huaxia},
  year={2015}
}

@article{myerson1979incentive,
  title={Incentive compatibility and the bargaining problem},
  author={Myerson, Roger B},
  journal={Econometrica: journal of the Econometric Society},
  pages={61--73},
  year={1979},
  publisher={JSTOR}
}

@article{saporiti2009strategy,
  title={Strategy-proofness and single-crossing},
  author={Saporiti, Alejandro},
  journal={Theoretical Economics},
  volume={4},
  number={2},
  pages={127--163},
  year={2009}
}

@article{arrow1950difficulty,
  title={A difficulty in the concept of social welfare},
  author={Arrow, Kenneth J},
  journal={The Journal of Political Economy},
  pages={328--346},
  year={1950},
  publisher={JSTOR}
}

@article{nehring2007efficient,
  title={Efficient and strategy-proof voting rules: A characterization},
  author={Nehring, Klaus and Puppe, Clemens},
  journal={Games and Economic Behavior},
  volume={59},
  number={1},
  pages={132--153},
  year={2007a},
  publisher={Elsevier}
}

@article{nehring2007structure,
  title={The structure of strategy-proof social choice—Part I: General characterization and possibility results on median spaces},
  author={Nehring, Klaus and Puppe, Clemens},
  journal={Journal of Economic Theory},
  volume={135},
  number={1},
  pages={269--305},
  year={2007b},
  publisher={Elsevier}
}

@article{lazarova2013status,
  title={Status-seeking in hedonic games with heterogeneous players},
  author={Lazarova, Emiliya and Dimitrov, Dinko},
  journal={Social Choice and Welfare},
  volume={40},
  number={4},
  pages={1205--1229},
  year={2013},
  publisher={Springer}
}

@article{bogomolnaia2004random,
  title={Random matching under dichotomous preferences},
  author={Bogomolnaia, Anna and Moulin, Herv{\'e}},
  journal={Econometrica},
  volume={72},
  number={1},
  pages={257--279},
  year={2004},
  publisher={Wiley Online Library}
}

@article{gudmundsson2015sequences,
  title={Sequences in Pairing Problems},
  author={Gudmundsson, Jens},
  year={2015}
}

@article{ehlers2003probabilistic,
  title={Probabilistic assignments of identical indivisible objects and uniform probabilistic rules},
  author={Ehlers, Lars and Klaus, Bettina},
  journal={Review of Economic Design},
  volume={8},
  number={3},
  pages={249--268},
  year={2003},
  publisher={Springer}
}
@article{sen2011gibbard,
  title={The {G}ibbard random dictatorship theorem: a generalization and a new proof},
  author={Sen, Arunava},
  journal={SERIEs},
  volume={2},
  number={4},
  pages={515--527},
  year={2011},
  publisher={Springer}
}
@article{manjunath2014efficient,
  title={Efficient and strategy-proof social choice when preferences are single-dipped},
  author={Manjunath, Vikram},
  journal={International Journal of Game Theory},
  volume={43},
  number={3},
  pages={579--597},
  year={2014},
  publisher={Springer}
}
@article{barbera2012domains,
  title={Domains, ranges and strategy-proofness: the case of single-dipped preferences},
  author={Barber{\`a}, Salvador and Berga, Dolors and Moreno, Bernardo},
  journal={Social Choice and Welfare},
  volume={39},
  number={2-3},
  pages={335--352},
  year={2012},
  publisher={Springer}
}
@article{ozturk2014location,
  title={On the location of public bads: strategy-proofness under two-dimensional single-dipped preferences},
  author={{\"O}zt{\"u}rk, Murat and Peters, Hans and Storcken, Ton},
  journal={Economic Theory},
  volume={56},
  number={1},
  pages={83--108},
  year={2014},
  publisher={Springer}
}
@article{barbera2009single,
  title={Single-dipped preferences},
  author={Barber{\`a}, Salvador and Berga, Dolors and Moreno, Bernardo and others},
  year={2009}
}


@article{chatterji2013domains,
  title={On domains that admit well-behaved strategy-proof social choice functions},
  author={Chatterji, Shurojit and Sanver, Remzi and Sen, Arunava},
  journal={Journal of Economic Theory},
  volume={148},
  number={3},
  pages={1050--1073},
  year={2013},
  publisher={Elsevier}
}
@article{chatterji2014random,
  title={Random dictatorship domains},
  author={Chatterji, Shurojit and Sen, Arunava and Zeng, Huaxia},
  journal={Games and Economic Behavior},
  volume={86},
  pages={212--236},
  year={2014},
  publisher={Elsevier}
}
@article{chatterji2014characterization,
  title={A Characterization of Single-Peaked Preferences via Random Social Choice Functions},
  author={Chatterji, Shurojit and Sen, Arunava and Zeng, Huaxia},
  year={2014}
}

@article{chatterji2012structure,
  title={The structure of strategy-proof random social choice functions over product domains and lexicographically separable preferences},
  author={Chatterji, Shurojit and Roy, Souvik and Sen, Arunava},
  journal={Journal of Mathematical Economics},
  volume={48},
  number={6},
  pages={353--366},
  year={2012},
  publisher={Elsevier}
}

@article{gibbard1973manipulation,
  title={Manipulation of voting schemes: a general result},
  author={Gibbard, Allan},
  journal={Econometrica: journal of the Econometric Society},
  pages={587--601},
  year={1973},
  publisher={JSTOR}
}

@article{gibbard1977manipulation,
  title={Manipulation of schemes that mix voting with chance},
  author={Gibbard, Allan},
  journal={Econometrica},
  volume={45},
  number={3},
  pages={665--681},
  year={1977},
  publisher={Blackwell Publishing Ltd.}
}


@article{peters2014probabilistic,
  title={Probabilistic strategy-proof rules over single-peaked domains},
  author={Peters, Hans and Roy, Souvik and Sen, Arunava and Storcken, Ton},
  journal={Journal of Mathematical Economics},
  volume={52},
  pages={123--127},
  year={2014},
  publisher={Elsevier}
}

%Technical Reports



@techreport{klaus2013consistency,
  title={Consistency and its Converse for Roommate Markets},
  author={Klaus, Bettina},
  year={2013},
  institution={Universit{\'e} de Lausanne, Facult{\'e} des HEC, DEEP}
}

@techreport{lazarova2013paths,
  title={Paths to stability in two-sided matching under uncertainty},
  author={Lazarova, Emiliya and Dimitrov, Dinko},
  year={2013},
  institution={Mimeo}
}

@techreport{klaus2013paths,
  title={Paths to stability in the assignment problem},
  author={Klaus, Bettina and Payot, Fr{\'e}d{\'e}ric and others},
  year={2013},
  institution={Universit{\'e} de Lausanne, Facult{\'e} des HEC, DEEP}
}

@techreport{klaus2014matching,
  title={Matching under Preferences},
  author={Klaus, Bettina and Manlove, David F and Rossi, Francesca},
  year={2014},
  institution={Universit{\'e} de Lausanne, Facult{\'e} des HEC, DEEP}
}

@techreport{aygun2012importance,
  title={The importance of irrelevance of rejected contracts in matching under weakened substitutes conditions},
  author={Ayg{\"u}n, Orhan and S{\"o}nmez, Tayfun and others},
  year={2012},
  institution={Boston College Department of Economics}
}

%Conference Proceedings

@inproceedings{ching2009unique,
  title={A Unique Maximal Domain for Strategy-Proofness without Pareto Efficiency},
  author={Ching, Stephen and Serizawa, Shigehiro},
  booktitle={2nd Taiwan-Dutch and International Conference on Game Theory 2009},
  year={2009}
}

@inproceedings{kominers2013designing,
  title={Designing for diversity in matching},
  author={Kominers, Scott Duke and S{\"o}nmez, Tayfun},
  booktitle={EC},
  pages={603--604},
  year={2013}
}



%Books



@book{holmstrom1977incentives,
  title={On incentives and control in organizations},
  author={Holmstr{\"o}m, Bengt Robert},
  year={1977},
  publisher={Stanford University}
}

@book{roth1992two,
  title={Two-sided matching: A study in game-theoretic modeling and analysis},
  author={Roth, Alvin E and Sotomayor, Marilda A Oliveira},
  number={18},
  year={1992},
  publisher={Cambridge University Press}
}

@book{myerson1988mechanism,
  title={Mechanism design},
  author={Myerson, Roger B},
  year={1988},
  publisher={Center for Mathematical Studies in Economics and Management Science, Northwestern University}
}

@book{arrow19511963,
  title={Social choice and individual values},
  author={Arrow, Kenneth J},
  year={1951},
  publisher={Wiley, New York.}, 
}

@book{hurwicz1960optimality,
  title={Optimality and informational efficiency in resource allocation processes},
  author={Hurwicz, Leonid},
  year={1960},
  publisher={Stanford University Press}
}

@book{condorcet1785socialchoice,
  title={Optimality and informational efficiency in resource allocation processes},
  author={Condorcet, Nicolas de},
  year={1785},
  publisher={Paris}
}

@book{dmishra2014mechdsgn,
	title = {Theory of Mechanism Design},
	author = {Debasis Mishra},
	year = {2014},
	publisher = {Indian Statistical Institute, New Delhi}
}

@article{ehlers2002strategy,
  title={Strategy-proof probabilistic decision schemes for one-dimensional single-peaked preferences},
  author={Ehlers, Lars and Peters, Hans and Storcken, Ton},
  journal={Journal of Economic Theory},
  volume={105},
  number={2},
  pages={408--434},
  year={2002},
  publisher={Elsevier}
}



@article{saporiti2009strategy,
  title={Strategy-proofness and single-crossing},
  author={Saporiti, Alejandro},
  journal={Theoretical Economics},
  volume={4},
  number={2},
  pages={127--163},
  year={2009}
}

@article{reffgen2015strategy,
  title={Strategy-proof social choice on multiple and multi-dimensional single-peaked domains},
  author={Reffgen, Alexander},
  journal={Journal of Economic Theory},
  volume={157},
  pages={349--383},
  year={2015},
  publisher={Elsevier}
}

@article{black1948rationale,
  title={On the rationale of group decision-making},
  author={Black, Duncan},
  journal={Journal of political economy},
  volume={56},
  number={1},
  pages={23--34},
  year={1948},
  publisher={The University of Chicago Press}
}

@article{moulin1980strategy,
  title={On strategy-proofness and single peakedness},
  author={Moulin, Herv{\'e}},
  journal={Public Choice},
  volume={35},
  number={4},
  pages={437--455},
  year={1980},
  publisher={Springer}
}

@article{weymark2011unified,
  title={A unified approach to strategy-proofness for single-peaked preferences},
  author={Weymark, John A},
  journal={SERIEs},
  volume={2},
  number={4},
  pages={529--550},
  year={2011},
  publisher={Springer}
}

@article{barbera2004choosing,
  title={Choosing how to choose: Self-stable majority rules and constitutions},
  author={Barbera, Salvador and Jackson, Matthew O},
  journal={The Quarterly Journal of Economics},
  volume={119},
  number={3},
  pages={1011--1048},
  year={2004},
  publisher={MIT Press}
}

@article{roberts1977voting,
  title={Voting over income tax schedules},
  author={Roberts, Kevin WS},
  journal={Journal of Public Economics},
  volume={8},
  number={3},
  pages={329--340},
  year={1977},
  publisher={Elsevier}
}

@article{meltzer1981rational,
  title={A rational theory of the size of government},
  author={Meltzer, Allan H and Richard, Scott F},
  journal={Journal of political Economy},
  volume={89},
  number={5},
  pages={914--927},
  year={1981},
  publisher={The University of Chicago Press}
}
@article{westhoff1977existence,
  title={Existence of equilibria in economies with a local public good},
  author={Westhoff, Frank},
  journal={Journal of Economic Theory},
  volume={14},
  number={1},
  pages={84--112},
  year={1977},
  publisher={Elsevier}
}

@article{epple1998equilibrium,
  title={Equilibrium and local redistribution in an urban economy when households differ in both preferences and incomes},
  author={Epple, Dennis and Platt, Glenn J},
  journal={Journal of Urban Economics},
  volume={43},
  number={1},
  pages={23--51},
  year={1998},
  publisher={Elsevier}
}

@article{epple2001interjurisdictional,
  title={Interjurisdictional sorting and majority rule: an empirical analysis},
  author={Epple, Dennis and Romer, Thomas and Sieg, Holger},
  journal={Econometrica},
  volume={69},
  number={6},
  pages={1437--1465},
  year={2001},
  publisher={Wiley Online Library}
}

@article{demange1994intermediate,
  title={Intermediate preferences and stable coalition structures},
  author={Demange, Gabrielle},
  journal={Journal of Mathematical Economics},
  volume={23},
  number={1},
  pages={45--58},
  year={1994},
  publisher={Elsevier}
}

@article{kung2006algorithm,
  title={An algorithm for stable and equitable coalition structures with public goods},
  author={Kung, FAN-CHIN},
  journal={Journal of Public Economic Theory},
  volume={8},
  number={3},
  pages={345--355},
  year={2006},
  publisher={Wiley Online Library}
}

@article{epple2006admission,
  title={Admission, tuition, and financial aid policies in the market for higher education},
  author={Epple, Dennis and Romano, Richard and Sieg, Holger},
  journal={Econometrica},
  volume={74},
  number={4},
  pages={885--928},
  year={2006},
  publisher={Wiley Online Library}
}

@article{romer1975individual,
  title={Individual welfare, majority voting, and the properties of a linear income tax},
  author={Romer, Thomas},
  journal={Journal of Public Economics},
  volume={4},
  number={2},
  pages={163--185},
  year={1975},
  publisher={Elsevier}
}

@book{austen2000positive,
  title={Positive political theory I: collective preference},
  author={Austen-Smith, David and Banks, Jeffrey S},
  volume={1},
  year={2000},
  publisher={University of Michigan Press}
}

@article{niemi1987voting,
  title={Voting cycles and the structure of individual preferences},
  author={Niemi, Richard G and Wright, John R},
  journal={Social Choice and Welfare},
  volume={4},
  number={3},
  pages={173--183},
  year={1987},
  publisher={Springer}
}

@article{feld1988ideological,
  title={Ideological consistency as a collective phenomenon},
  author={Feld, Scott L and Grofman, Bernard},
  journal={American Political Science Review},
  volume={82},
  number={03},
  pages={773--788},
  year={1988},
  publisher={Cambridge Univ Press}
}

@incollection{pappi1998voters,
  title={Voters’ party preferences in multiparty systems and their coalitional and spatial implications: Germany after unification},
  author={Pappi, Franz Urban and Eckstein, Gabriele},
  booktitle={Empirical Studies in Comparative Politics},
  pages={11--37},
  year={1998},
  publisher={Springer}
}

@techreport{gershkov2013optimal,
  title={Optimal voting rules},
  author={Gershkov, Alex and Moldovanu, Benny and Shi, Xianwen},
  year={2013},
  institution={SFB/TR 15 Discussion Paper}
}

@article{chatterji2015random,
  title={On Random Social Choice Functions with the Tops-only Property},
  author={Chatterji, Shurojit and Zeng, Huaxia},
  year={2015}
}

@article{moulin1980strategy,
  title={On strategy-proofness and single peakedness},
  author={Moulin, Herv{\'e}},
  journal={Public Choice},
  volume={35},
  number={4},
  pages={437--455},
  year={1980},
  publisher={Springer}
}


@inproceedings{peremans1999strategy,
  title={Strategy-proofness on single-dipped preference domains},
  author={Peremans, Wouter and Storcken, Ton},
  booktitle={Proceedings of the International Conference, Logic, Game Theory and Social Choice},
  pages={296--313},
  year={1999}
}

@article{chatterji2015random,
  title={On Random Social Choice Functions with the Tops-only Property},
  author={Chatterji, Shurojit and Zeng, Huaxia},
  year={2015}
}

@article{carroll2012local,
  title={When are local incentive constraints sufficient?},
  author={Carroll, Gabriel},
  journal={Econometrica},
  volume={80},
  number={2},
  pages={661--686},
  year={2012},
  publisher={Wiley Online Library}
}

@article{peters2017extreme,
  title={An extreme point characterization of strategy-proof and unanimous probabilistic rules over binary restricted domains},
  author={Peters, Hans and Roy, Souvik and Sadhukhan, Soumyarup and Storcken, Ton},
  journal={Journal of Mathematical Economics},
  volume={69},
  pages={84--90},
  year={2017},
  publisher={Elsevier}
}

@article{barbera2010individual,
  title={Individual versus group strategy-proofness: when do they coincide?},
  author={Barber{\`a}, Salvador and Berga, Dolors and Moreno, Bernardo},
  journal={Journal of Economic Theory},
  volume={145},
  number={5},
  pages={1648--1674},
  year={2010},
  publisher={Elsevier}
}

@article{saporiti2014securely,
  title={Securely implementable social choice rules with partially honest agents},
  author={Saporiti, Alejandro},
  journal={Journal of Economic Theory},
  volume={154},
  pages={216--228},
  year={2014},
  publisher={Elsevier}
}

@article{pycia2015decomposing,
  title={Decomposing random mechanisms},
  author={Pycia, Marek and {\"U}nver, M Utku},
  journal={Journal of Mathematical Economics},
  volume={61},
  pages={21--33},
  year={2015},
  publisher={Elsevier}
}

@article{chatterji2016characterization,
  title={A characterization of single-peaked preferences via random social choice functions},
  author={Chatterji, Shurojit and Sen, Arunava and Zeng, Huaxia},
  journal={Theoretical Economics},
  volume={11},
  number={2},
  pages={711--733},
  year={2016},
  publisher={Wiley Online Library}
}

@article{roy2016connected,
    title={Unanimity, Pareto optimality and strategy-proofness on connected domains},
    author={Roy, Souvik and Storcken, Ton},
    journal={Working Paper},
    year={2016}
}

@article{lahiri2017strategy,
  title={Strategy-proof location of public bads in a two-country model},
  author={Lahiri, Abhinaba and Peters, Hans and Storcken, Ton},
  journal={Mathematical Social Sciences},
  volume={90},
  pages={150--159},
  year={2017},
  publisher={Elsevier}
}

@article{ozturk2014location,
  title={On the location of public bads: strategy-proofness under two-dimensional single-dipped preferences},
  author={{\"O}zt{\"u}rk, Murat and Peters, Hans and Storcken, Ton},
  journal={Economic Theory},
  volume={56},
  number={1},
  pages={83--108},
  year={2014},
  publisher={Springer}
}

@article{chatterjee2016locating,
  title={Locating a public good on a sphere},
  author={Chatterjee, Swarnendu and Peters, Hans and Storcken, Ton},
  journal={Economics Letters},
  volume={139},
  pages={46--48},
  year={2016},
  publisher={Elsevier}
}

@article{pycia2015decomposing,
  title={Decomposing random mechanisms},
  author={Pycia, Marek and {\"U}nver, M Utku},
  journal={Journal of Mathematical Economics},
  volume={61},
  pages={21--33},
  year={2015},
  publisher={Elsevier}
}

@article{monjardet2009acyclic,
  title={Acyclic domains of linear orders: a survey},
  author={Monjardet, Bernard},
  journal={The Mathematics of Preference, Choice and Order},
  pages={139--160},
  year={2009},
  publisher={Springer}
}

@article{sato2013sufficient,
  title={A sufficient condition for the equivalence of strategy-proofness and nonmanipulability by preferences adjacent to the sincere one},
  author={Sato, Shin},
  journal={Journal of Economic Theory},
  volume={148},
  number={1},
  pages={259--278},
  year={2013},
  publisher={Elsevier}
}

@article{cho2016incentive,
  title={Incentive properties for ordinal mechanisms},
  author={Cho, Wonki Jo},
  journal={Games and Economic Behavior},
  volume={95},
  pages={168--177},
  year={2016},
  publisher={Elsevier}
}

@article{stiglitz1974demand,
  title={The demand for education in public and private school systems},
  author={Stiglitz, Joseph E},
  journal={Journal of Public Economics},
  volume={3},
  number={4},
  pages={349--385},
  year={1974},
  publisher={North-Holland}
}

@article{nehring2007structure,
  title={The structure of strategy-proof social choice—Part I: General characterization and possibility results on median spaces},
  author={Nehring, Klaus and Puppe, Clemens},
  journal={Journal of Economic Theory},
  volume={135},
  number={1},
  pages={269--305},
  year={2007},
  publisher={Elsevier}
}

@article{nehring2007efficient,
  title={Efficient and strategy-proof voting rules: A characterization},
  author={Nehring, Klaus and Puppe, Clemens},
  journal={Games and Economic Behavior},
  volume={59},
  number={1},
  pages={132--153},
  year={2007},
  publisher={Elsevier}
}

@article{grandmont1978intermediate,
  title={Intermediate preferences and the majority rule},
  author={Grandmont, Jean-Michel},
  journal={Econometrica},
  volume={46},
  number={2},
  pages={317--330},
  year={1978},
  publisher={Blackwell Publishing Ltd.}
}

@article{schummer2002strategy,
  title={Strategy-proof location on a network},
  author={Schummer, James and Vohra, Rakesh V},
  journal={Journal of Economic Theory},
  volume={104},
  number={2},
  pages={405--428},
  year={2002},
  publisher={Elsevier}
}

@article{davis1970expository,
  title={An expository development of a mathematical model of the electoral process},
  author={Davis, Otto A and Hinich, Melvin J and Ordeshook, Peter C},
  journal={American Political Science Review},
  volume={64},
  number={2},
  pages={426--448},
  year={1970},
  publisher={Cambridge University Press}
}

@article{shepsle1979institutional,
  title={Institutional arrangements and equilibrium in multidimensional voting models},
  author={Shepsle, Kenneth A},
  journal={American Journal of Political Science},
  volume={23},
  number={1},
  pages={27--59},
  year={1979},
  publisher={JSTOR}
}

@article{ireland1990mix,
  title={The mix of social and private provision of goods and services},
  author={Ireland, Norman J},
  journal={Journal of Public Economics},
  volume={43},
  number={2},
  pages={201--219},
  year={1990},
  publisher={Elsevier}
}

@article{epple1996public,
  title={Public provision of private goods},
  author={Epple, Dennis and Romano, Richard E},
  journal={Journal of Political Economy},
  volume={104},
  number={1},
  pages={57--84},
  year={1996},
  publisher={The University of Chicago Press}
}

@article{fernandez1995political,
  title={On the political economy of education subsidies},
  author={Fernandez, Raquel and Rogerson, Richard},
  journal={The Review of Economic Studies},
  volume={62},
  number={2},
  pages={249--262},
  year={1995},
  publisher={Wiley-Blackwell}
}

@article{anderberg1999determining,
  title={Determining the mix of public and private provision of insurance by majority rule},
  author={Anderberg, Dan},
  journal={European Journal of Political Economy},
  volume={15},
  number={3},
  pages={417--440},
  year={1999},
  publisher={Elsevier}
}

@article{egan2014something,
  title={“Do something” politics and double-peaked policy preferences},
  author={Egan, Patrick J},
  journal={The Journal of Politics},
  volume={76},
  number={2},
  pages={333--349},
  year={2014},
  publisher={Cambridge University Press New York, USA}
}

@article{denzau1981structure,
  title={Structure-Induced Equilibria and Perfect-Foresight Expectations},
  author={Denzau, Arthur T and Mackay, Robert J},
  journal={American Journal of Political Science},
  volume={25},
  number={4},
  pages={762--779},
  year={1981},
  publisher={JSTOR}
}
@article{enelow1983voter,
  title={Voter expectations in multi-stage voting systems: an equilibrium result},
  author={Enelow, James M and Hinich, Melvin J},
  journal={American Journal of Political Science},
  volume={27},
  pages={820--870},
  year={1983},
  publisher={JSTOR}
}

@article{barzel1973private,
  title={Private schools and public school finance},
  author={Barzel, Yoram},
  journal={Journal of Political Economy},
  volume={81},
  number={1},
  pages={174--186},
  year={1973},
  publisher={The University of Chicago Press}
}

@article{bearse2001composition,
  title={Composition of Government Budget, Non-Single Peakedness, and Majority Voting},
  author={Bearse, Peter and Glomm, Gerhard and Janeba, Eckhard},
  journal={Journal of Public Economic Theory},
  volume={3},
  number={4},
  pages={471--481},
  year={2001},
  publisher={Wiley Online Library}
}

@Article{Roy2018,

author="Roy, Souvik
 and Sadhukhan, Soumyarup",

title="A characterization of random min--max domains and its applications",

journal="Economic Theory",
year="2018",

month="Sep",

day="12",

issn="1432-0479",

doi="10.1007/s00199-018-1149-1",

url="https://doi.org/10.1007/s00199-018-1149-1"
}



@article{chatterji2018random,
  title={On random social choice functions with the tops-only property},
  author={Chatterji, Shurojit and Zeng, Huaxia},
  journal={Games and Economic Behavior},
  volume={109},
  pages={413--435},
  year={2018},
  publisher={Elsevier}
}

@Article{Achuthankutty2018,

author="Achuthankutty, Gopakumar
and Roy, Souvik",

title="On single-peaked domains and min--max rules",

journal="Social Choice and Welfare",

year="2018",
month="Dec",
day="01",
volume="51",
number="4",
pages="753--772",

abstract="We consider social choice problems where the admissible set of preferences of each agent is single-peaked. First, we show that if all the agents have the same admissible set of preferences, then every unanimous and strategy-proof social choice function (SCF) is tops-only. Next, we consider situations where different agents have different admissible sets of single-peaked preferences. We show by means of an example that unanimous and strategy-proof SCFs need not be tops-only in this situation, and consequently provide a sufficient condition on the admissible sets of preferences of the agents so that unanimity and strategy-proofness guarantee tops-onlyness. Finally, we characterize all domains on which (i) every unanimous and strategy-proof SCF is a min--max rule, and (ii) every min--max rule is strategy-proof. As an application of our result, we obtain a characterization of the unanimous and strategy-proof social choice functions on maximal single-peaked domains (Moulin in Public Choice 35(4):437--455. https://doi.org/10.1007/BF00128122, 1980; Weymark in SERIEs 2(4):529--550. https://doi.org/10.1007/s13209-011-0064-5, 2011), minimally rich single-peaked domains (Peters et al. in J Math Econ 52:123--127. https://doi.org/10.1016/j.jmateco.2014.03.008. http://www.sciencedirect.com/science/article/pii/S0304406814000470, 2014), maximal regular single-crossing domains (Saporiti in Theor Econ 4(2):127--163, 2009, J Econ Theory 154:216--228. https://doi.org/10.1016/j.jet.2014.09.006. http://www.sciencedirect.com/science/article/pii/S0022053114001276, 2009), and distance based single-peaked domains.",
issn="1432-217X",
doi="10.1007/s00355-018-1137-1",
url="https://doi.org/10.1007/s00355-018-1137-1"
}




@article{rockafellar1970convex,
  title={Convex Analysis Princeton University Press},
  author={Rockafellar, R Tyrrell},
  journal={Princeton, NJ},
  year={1970}
}

@article{alcalde2018strategy,
  title={Strategy-proof location of public facilities},
  author={Alcalde-Unzu, Jorge and Vorsatz, Marc},
  journal={Games and Economic Behavior},
  volume={112},
  pages={21--48},
  year={2018},
  publisher={Elsevier}
}

@Article{Pramanik2016,

author="Pramanik, Anup
and Sen, Arunava",

title="Pairwise partition graphs and strategy-proof social choice in the exogenous indifference class model",

journal="Social Choice and Welfare",

year="2016",

month="Jun",

day="01",

volume="47",

number="1",

pages="1--24",

abstract="In this paper we consider the exogenous indifference classes model of Barber{\'a} and Ehlers (2011) and Sato (2009) and analyze further the relationship between the structure of indifference classes across agents and dictatorship results. The key to our approach is the pairwise partition graph. We provide necessary conditions on these graphs for strategy-proofness and unanimity (or efficiency) to imply dictatorship. These conditions are not sufficient; we also provide separate stronger conditions that are sufficient. A full characterization is obtained in the case of two agents for domains where strategy-proofness and efficiency imply dictatorship.",

issn="1432-217X",

doi="10.1007/s00355-015-0944-x",

url="https://doi.org/10.1007/s00355-015-0944-x"
}



@article{border1983straightforward,
  title={Straightforward elections, unanimity and phantom voters},
  author={Border, Kim C and Jordan, James S},
  journal={The Review of Economic Studies},
  volume={50},
  number={1},
  pages={153--170},
  year={1983},
  publisher={Wiley-Blackwell}
}

@article{dutta2002strategy,
  title={Strategy-proof probabilistic mechanisms in economies with pure public goods},
  author={Dutta, Bhaskar and Peters, Hans and Sen, Arunava},
  journal={Journal of Economic Theory},
  volume={106},
  number={2},
  pages={392--416},
  year={2002},
  publisher={Elsevier}
}

@article{barbera1994characterization,
  title={A characterization of strategy-proof social choice functions for economies with pure public goods},
  author={Barber{\`a}, Salvador and Jackson, Matthew},
  journal={Social Choice and Welfare},
  volume={11},
  number={3},
  pages={241--252},
  year={1994},
  publisher={Springer}
}

@article{barbera2011top,
  title={Top monotonicity: A common root for single peakedness, single crossing and the median voter result},
  author={Barber{\`a}, Salvador and Moreno, Bernardo},
  journal={Games and Economic Behavior},
  volume={73},
  number={2},
  pages={345--359},
  year={2011},
  publisher={Elsevier}
}

@article{barbera2012domains,
  title={Domains, ranges and strategy-proofness: the case of single-dipped preferences},
  author={Barber{\`a}, Salvador and Berga, Dolors and Moreno, Bernardo},
  journal={Social Choice and Welfare},
  volume={39},
  number={2-3},
  pages={335--352},
  year={2012},
  publisher={Springer}
}

@article{epple1996ends,
  title={Ends against the middle: Determining public service provision when there are private alternatives},
  author={Epple, Dennis and Romano, Richard E},
  journal={Journal of Public Economics},
  volume={62},
  number={3},
  pages={297--325},
  year={1996},
  publisher={Elsevier}
}

@book{austen2000positive,
  title={Positive political theory I: collective preference},
  author={Austen-Smith, David and Banks, Jeffrey S},
  volume={1},
  year={2000},
  publisher={University of Michigan Press}
}

@article{berga1998strategy,
  title={Strategy-proofness and single-plateaued preferences},
  author={Berga, Dolors},
  journal={Mathematical Social Sciences},
  volume={35},
  number={2},
  pages={105--120},
  year={1998},
  publisher={Elsevier}
}

@article{chatterji2018strategy,
  title={On strategy-proofness and the salience of single-peakedness},
  author={Chatterji, Shurojit and Mass{\'o}, Jordi},
  journal={International Economic Review},
  volume={59},
  number={1},
  pages={163--189},
  year={2018},
  publisher={Wiley Online Library}
}

@article{barbera1994characterization,
  title={A characterization of strategy-proof social choice functions for economies with pure public goods},
  author={Barber{\`a}, Salvador and Jackson, Matthew},
  journal={Social Choice and Welfare},
  volume={11},
  number={3},
  pages={241--252},
  year={1994},
  publisher={Springer}
}

@article{roy2019characterization,
  title={A characterization of random min--max domains and its applications},
  author={Roy, Souvik and Sadhukhan, Soumyarup},
  journal={Economic Theory},
  volume={68},
  number={4},
  pages={887--906},
  year={2019},
  publisher={Springer}
}

@article{berga1998strategy,
  title={Strategy-proofness and single-plateaued preferences},
  author={Berga, Dolors},
  journal={Mathematical Social Sciences},
  volume={35},
  number={2},
  pages={105--120},
  year={1998},
  publisher={Elsevier}
}

@article{chatterji2019random,
  title={Random mechanism design on multidimensional domains},
  author={Chatterji, Shurojit and Zeng, Huaxia},
  journal={Journal of Economic Theory},
  volume={182},
  pages={25--105},
  year={2019},
  publisher={Elsevier}
}

@incollection{roy2019formation,
  title={Formation of Committees Through Random Voting Rules},
  author={Roy, Souvik and Sadhukhan, Soumyarup and Sen, Arunava},
  booktitle={Social Design},
  pages={219--231},
  year={2019},
  publisher={Springer}
}

@article{barbera2005voting,
  title={Voting by committees under constraints},
  author={Barber{\`a}, Salvador and Mass{\'o}, Jordi and Neme, Alejandro},
  journal={Journal of Economic Theory},
  volume={122},
  number={2},
  pages={185--205},
  year={2005},
  publisher={Elsevier}
}

@article{mishra2008introduction,
  title={An introduction to mechanism design theory},
  author={Mishra, Debasis},
  journal={The Indian Economic Journal},
  volume={56},
  number={2},
  pages={137--165},
  year={2008},
  publisher={SAGE Publications Sage India: New Delhi, India}
}